@book{schmidt2001art,
    title={The Art of Modelling and Simulation: Introduction to the Simulation System Simplex 3},
    author={Schmidt, B.},
    isbn={9781565552289},
    url={https://books.google.de/books?id=Y2hfXwAACAAJ},
    year={2001},
    publisher={Society for Modeling and Simulation International},
    urldate={2017-10-30}
}
@article{cornilsen1993magnetpendel,
  title={Das Magnetpendel als Weg zum Verst{\"a}ndnis von Grundideen der Chaostheorie},
  author={Cornilsen, C.},
  journal={Staatsexamenarbeit f{\"u}r das Lehramt an h{\"o}heren Schulen. IPN an der Universit{\"a}t Kiel},
  year={1993}
}
@book{meyberg2013hoehere,
  title={H{\"o}here Mathematik 1: Differential- und Integralrechnung Vektor- und Matrizenrechnung},
  author={Meyberg, K. and Vachenauer, P.},
  isbn={9783642972140},
  series={Springer-Lehrbuch},
  url={https://books.google.de/books?id=rMqhBgAAQBAJ},
  year={2013},
  publisher={Springer Berlin Heidelberg},
  pages="26",
  urldate={2017-10-30}
}

@software{extendedPlotter,
  author={Obermeier, M.},
  title={extendedPlotter},
  url={https://github.com/theMomax/extendedPlotter},
  date={2017-08-20},
  version={1.4},
  urldate={2017-10-30}
}